<?xml version="1.0" encoding="UTF-8"?><collection><record><leader>06917ntm a2200733 a 4500</leader><controlfield tag="001">006825732</controlfield><controlfield tag="003">MiAaHDL</controlfield><controlfield tag="005">20190719000000.0</controlfield><controlfield tag="006">m        d        </controlfield><controlfield tag="007">cr bn ---auaua</controlfield><controlfield tag="008">090626s1940    xx            00| ||ara d</controlfield><datafield tag="035" ind1=" " ind2=" "><subfield code="a">(MiU)006825732</subfield></datafield><datafield tag="035" ind1=" " ind2=" "><subfield code="a">sdr-miu006825732</subfield></datafield><datafield tag="040" ind1=" " ind2=" "><subfield code="a">MiU</subfield><subfield code="c">MiU</subfield><subfield code="e">amremm</subfield></datafield><datafield tag="043" ind1=" " ind2=" "><subfield code="a">n-us-mi</subfield></datafield><datafield tag="100" ind1="0" ind2=" "><subfield code="6">880-01</subfield><subfield code="a">ʻAbd al-Razzāq al-Qāshānī,</subfield><subfield code="d">-1330?</subfield></datafield><datafield tag="245" ind1="1" ind2="0"><subfield code="6">880-03</subfield><subfield code="a">[Sharḥ Fuṣūṣ al-ḥikam ...etc.,</subfield><subfield code="f">1359, i.e. 1940].</subfield></datafield><datafield tag="246" ind1="3" ind2="8"><subfield code="a">قانون الاشراقيين</subfield></datafield><datafield tag="246" ind1="3" ind2=" "><subfield code="a">مجلي مرآة المنجي</subfield></datafield><datafield tag="246" ind1="3" ind2=" "><subfield code="6">880-04</subfield><subfield code="i">Title of second work from heading at opening on p.37 and in GAL:</subfield><subfield code="a">مجلي</subfield></datafield><datafield tag="246" ind1="3" ind2=" "><subfield code="i">Title from heading at opening of second work on p.37:</subfield><subfield code="a">هذا هو الكتاب المستطاب المعروف بالمجلي الموسوم بمسلك الافهام والنور المنجي من الظلام</subfield></datafield><datafield tag="246" ind1="3" ind2=" "><subfield code="i">Title from inscription on 'title page' (p.1):</subfield><subfield code="a">قانون الاشراقيين في بيان الشأن الآلهي</subfield></datafield><datafield tag="260" ind1=" " ind2=" "><subfield code="c">[1940].</subfield></datafield><datafield tag="300" ind1=" " ind2=" "><subfield code="a">102 leaves :</subfield><subfield code="b">paper ;</subfield><subfield code="c">310 x 210 mm. bound to 320 x 220 mm.</subfield></datafield><datafield tag="500" ind1=" " ind2=" "><subfield code="a">Shelfmark: Ann Arbor, University of Michigan, Special Collections Library, Isl. Ms. 932</subfield></datafield><datafield tag="500" ind1=" " ind2=" "><subfield code="a">Origin: As appears in colophon on p.36, transcription of opening selections completed 8 Jumada I 1359, corresponding to 14 June 1940 and 7 Baʼūnah 1656. Likely copied in Egypt and eventually bound for James Heyworth-Dunne (d.1974).</subfield></datafield><datafield tag="500" ind1=" " ind2=" "><subfield code="a">Former shelfmark: Mich. Isl. Ms. temp. no. 81</subfield></datafield><datafield tag="500" ind1=" " ind2=" "><subfield code="a">Binding: Boards covered in black textured cloth with black leather over spine (quarter binding) ; pastedowns and flyleaves in wove paper printed with a floral vegetal pattern in pale pink and green ; spine gold-stamped with title and decorative accents over raised bands "قانون الاشراقيين" ; overall in fairly good condition.</subfield></datafield><datafield tag="500" ind1=" " ind2=" "><subfield code="a">Support: Lined / ruled wove paper.</subfield></datafield><datafield tag="500" ind1=" " ind2=" "><subfield code="a">Script: Ruqʻah ; compact hand in a thin to medium line (line thickness changes) ; serifless and freely ligatured with slight effect of tilt to the right, mainly closed counters, pointing in strokes rather than distinct dots.</subfield></datafield><datafield tag="500" ind1=" " ind2=" "><subfield code="a">Layout: Written in 26-28 lines per page.</subfield></datafield><datafield tag="500" ind1=" " ind2=" "><subfield code="a">Collation: Two pages between sections of opening selections left blank (see pp.12-13) ; pagination in pencil, Western numerals, supplied during digitization.</subfield></datafield><datafield tag="500" ind1=" " ind2=" "><subfield code="a">Colophon: [Sharḥ Fuṣūṣ al-ḥikam] "Scribal," reads "تم نسخه في الثامن من جمادى الاولى احد شهور سنة ١٣٥٩ الموافق للرابع عشر من يونيو ١٩٤٠ وللسابع من بؤنه ١٦٥٦"</subfield></datafield><datafield tag="500" ind1=" " ind2=" "><subfield code="a">Explicit: [Sharḥ Fuṣūṣ al-ḥikam] "ثم قبلت بعد ذلك صور بعد صور فان لا يمكن لاحد ان يرى الهيولي لانها تدلست [؟] صور كثيرة فهي خفية تحتها لا ينالها شيء من ... البتة الى هنا وقف قلم الكتاب وكان خاتمة هذا الكتاب المستطاب والله اعلم بالصواب واليه المرجع والمآب" ; [Mujlī] "وانت اذا حققت ذلك عرفت ما فيه من ... الكثرة والغراء [؟] الصور"</subfield></datafield><datafield tag="500" ind1=" " ind2=" "><subfield code="a">Incipit: [Sharḥ Fuṣūṣ al-ḥikam] "اعلم ان الشأن الآلهي والامر التدبيري دوري فان الحضرة الاحدية اذا اقتضت التعين الاول والعين الواحدة المسماة في لسان اهل الذوق بالبرزخ الجامع الجامع [كذا] بين احكام الوجوب والامكان المحيط بالطرفين ..." ; [Mujlī] "يا ذا المن الجسيم والطول العظيم والشأن القويم والامر الحكيم ..."</subfield></datafield><datafield tag="500" ind1=" " ind2=" "><subfield code="a">Title supplied by cataloguer.</subfield></datafield><datafield tag="500" ind1=" " ind2=" "><subfield code="a">Ms. codex.</subfield></datafield><datafield tag="505" ind1="0" ind2=" "><subfield code="a">2. p.37-p.204 : Hādhā huwa al-Kitāb al-mustaṭāb al-maʻrūf bi-al-Mujallī al-mawsūm bi-Maslak al-afhām wa-al-Nūr al-munjī min al-ẓalām / Muḥammad ibn ʻAlī Ibn Abī Jumhūr al-Aḥsāʼī.</subfield></datafield><datafield tag="505" ind1="0" ind2=" "><subfield code="a">1. p.1-p.36 : [selections from Sharḥ Fuṣūṣ al-ḥikam opening with al-Qānūn al-thālith fī Bayān al-shaʼn al-ilāhī] / ʻAbd al-Razzāq al-Qāshānī.</subfield></datafield><datafield tag="510" ind1="4" ind2=" "><subfield code="a">Muḥammad ibn ʻAlī ibn Abī Jumhūr al-Aḥsāʼī. Mujlī mirʼāt al-munjī fī al-kalām wa-al-ḥikmatayn wa-al-taṣawwuf. Reprint of lithograph edition by Aḥmad al-Shīrāzī, ed. Sabine Schmidtke. Tihrān, 2008.</subfield></datafield><datafield tag="510" ind1="4" ind2=" "><subfield code="a">Madelung, W. "Ibn ABĪ ḎJ̲UMHŪR al-AḤSĀʾĪ, Muḥammad b. ʿAlī b. Ibrāhīm b. Ḥasan b. Ibrāhīm b. Ḥasan al-Had̲j̲arī." in EI2,</subfield><subfield code="c">vol. XII, p.380, col.1</subfield></datafield><datafield tag="510" ind1="4" ind2=" "><subfield code="a">Āghā Buzurg al-Ṭihrānī. al-Dharīʻah ilá taṣānīf al-Shīʻah,</subfield><subfield code="c">no.1726 vol.20 p.13</subfield></datafield><datafield tag="510" ind1="4" ind2=" "><subfield code="a">Brockelmann, C. GAL,</subfield><subfield code="c">S II 272</subfield></datafield><datafield tag="510" ind1="4" ind2=" "><subfield code="a">Brockelmann, C. GAL,</subfield><subfield code="c">I 442</subfield></datafield><datafield tag="520" ind1="8" ind2=" "><subfield code="a">Careful copy of selections from the commentary by ʻAbd al-Razzāq al-Qāshānī (d.1330?) on Ibn ʻArabī's Fuṣūṣ al-ḥikam followed by Ibn Abī Jumhūr's (d. after 1499) Kitāb al-Mujlī or Mujlī mirʼāt al-Nūr al-munjī, a supercommentary upon his own kalām work, Maslak al-afhām fī ʻilm al-kalām and its commentary, al-Nūr al-munjī min al-ẓalām (seemingly incomplete transcript with commentary, likely that of the copyist).</subfield></datafield><datafield tag="538" ind1=" " ind2=" "><subfield code="a">Mode of access: Internet.</subfield></datafield><datafield tag="541" ind1=" " ind2=" "><subfield code="a">Acquired in the Fall of 1950.</subfield></datafield><datafield tag="546" ind1=" " ind2=" "><subfield code="a">Arabic.</subfield></datafield><datafield tag="561" ind1=" " ind2=" "><subfield code="a">On upper pastedown, label with ex libris of James Heyworth-Dunne (d.1974), stamped with inventory number, "Ex Libris | J. Heyworth-Dunne | D. Lit. (London) | No 7973" ; UM Library inscription on 'title page' (p.1) "Dunning | Heyworth-Dunne | 6-11-51 | 71955" ; marginal glosses.</subfield></datafield><datafield tag="600" ind1="1" ind2="0"><subfield code="a">Ibn Abī Jumhūr al-Aḥsāʼī, Muḥammad ibn ʻAlī,</subfield><subfield code="d">d. ca. 1473.</subfield><subfield code="t">Nūr al-munjī min al-ẓalām.</subfield></datafield><datafield tag="600" ind1="0" ind2="0"><subfield code="a">Ibn al-ʻArabī,</subfield><subfield code="d">1165-1240.</subfield><subfield code="t">Fuṣūṣ al-ḥikam.</subfield></datafield><datafield tag="650" ind1=" " ind2="0"><subfield code="a">Manuscripts, Arabic</subfield><subfield code="z">Michigan</subfield><subfield code="z">Ann Arbor.</subfield></datafield><datafield tag="650" ind1=" " ind2="0"><subfield code="a">Shīʻah</subfield><subfield code="x">Doctrines</subfield><subfield code="v">Early works to 1800.</subfield></datafield><datafield tag="650" ind1=" " ind2="0"><subfield code="a">Islam</subfield><subfield code="x">Doctrines</subfield><subfield code="v">Early works to 1800.</subfield></datafield><datafield tag="650" ind1=" " ind2="0"><subfield code="a">Sufism</subfield><subfield code="v">Early works to 1800.</subfield></datafield><datafield tag="650" ind1=" " ind2="0"><subfield code="a">Ishrāqīyah</subfield><subfield code="v">Early works to 1800.</subfield></datafield><datafield tag="650" ind1=" " ind2="0"><subfield code="a">Islamic philosophy</subfield><subfield code="v">Early works to 1800.</subfield></datafield><datafield tag="700" ind1="1" ind2=" "><subfield code="a">Heyworth-Dunne, J.</subfield><subfield code="q">(James),</subfield><subfield code="e">former owner.</subfield></datafield><datafield tag="700" ind1="1" ind2="2"><subfield code="6">880-07</subfield><subfield code="a">Ibn Abī Jumhūr al-Aḥsāʼī, Muḥammad ibn ʻAlī,</subfield><subfield code="d">-approximately 1473.</subfield><subfield code="t">Mujlī.</subfield></datafield><datafield tag="773" ind1="0" ind2=" "><subfield code="a">Heyworth-Dunne Collection.</subfield></datafield><datafield tag="880" ind1="1" ind2="2"><subfield code="6">700-07/</subfield><subfield code="a">ابن ابي جمهور الاحسائي, محمد بن علي.</subfield><subfield code="t">مجلي.</subfield></datafield><datafield tag="880" ind1="3" ind2=" "><subfield code="6">246-04/</subfield><subfield code="a">Mujallī</subfield></datafield><datafield tag="880" ind1="1" ind2="0"><subfield code="6">245-03/</subfield><subfield code="a">[شرح فصوص الحكم ...الخ,</subfield><subfield code="f">1359ه، 1940م].</subfield></datafield><datafield tag="880" ind1="0" ind2=" "><subfield code="6">100-01/</subfield><subfield code="a">عبد الرزاق القاشاني.</subfield></datafield><datafield tag="CID" ind1=" " ind2=" "><subfield code="a">006825732</subfield></datafield><datafield tag="DAT" ind1="0" ind2=" "><subfield code="a">20190719102640.0</subfield><subfield code="b">20190719000000.0</subfield></datafield><datafield tag="DAT" ind1="1" ind2=" "><subfield code="a">20190719090653.0</subfield><subfield code="b">2019-07-19T16:11:27Z</subfield></datafield><datafield tag="DAT" ind1="2" ind2=" "><subfield code="a">2015-10-02T18:00:03Z</subfield></datafield><datafield tag="CAT" ind1=" " ind2=" "><subfield code="a">SDR-MIU</subfield><subfield code="d">EX LIBRIS - ALEPH</subfield><subfield code="l">prepare.pl-004-008</subfield></datafield><datafield tag="FMT" ind1=" " ind2=" "><subfield code="a">BK</subfield></datafield><datafield tag="HOL" ind1=" " ind2=" "><subfield code="0">sdr-miu006825732</subfield><subfield code="a">MiU</subfield><subfield code="b">SDR</subfield><subfield code="c">MIU</subfield><subfield code="p">mdp.39015079131135</subfield><subfield code="s">MIU</subfield><subfield code="1">006825732</subfield></datafield><datafield tag="974" ind1=" " ind2=" "><subfield code="b">MIU</subfield><subfield code="c">MIU</subfield><subfield code="d">20190719</subfield><subfield code="s">lit-dlps-dc</subfield><subfield code="u">mdp.39015079131135</subfield><subfield code="y">1940</subfield><subfield code="r">ic-world</subfield><subfield code="q">man</subfield></datafield></record></collection>